@misc{rest-api,
	title="What is a REST API? - Red Hat [Электронный ресурс]",
	howpublished="Режим доступа: \url{https://www.redhat.com/en/topics/api/what-is-a-rest-api} (дата обращения: 07.06.2021)"
}

@misc{rpd-about,
	title="Положение о порядке разработки и утверждение рабочей программы дисциплины [Электронный ресурс]",
	howpublished="Режим доступа: \url{https://www.volgmed.ru/uploads/files/2010-11/1180-polozhenie_o_poryadke_razrabotki_i_utverzhdeniya_rabochej_programmy_uchebnoj_discipliny_(kursa).doc} (дата обращения: 07.06.2021)"
}

@misc{ms-word,
	title="Microsoft Word - Word Processing Software | Microsoft 365 [Электронный ресурс]",
	howpublished="Режим доступа: \url{https://www.microsoft.com/en-us/microsoft-365/word} (дата обращения: 07.06.2021)"
}

@misc{lms,
	title="Learning Management System (LMS) — HSE [Электронный ресурс]",
	howpublished="Режим доступа: \url{https://www.hse.ru/en/studyspravka/lms_student/} (дата обращения: 07.06.2021)"
}

@misc{standard,
	title="Образовательные стандарты | МГТУ им. Н. Э. Баумана [Электронный ресурс]",
	howpublished="Режим доступа: \url{https://bmstu.ru/plain/eduStandarts/} (дата обращения: 07.06.2021)"
}

@misc{bmstu,
	title="МГТУ им. Н. Э. Баумана -- Официальный сайт [Электронный ресурс]",
	howpublished="Режим доступа: \url{https://bmstu.ru/} (дата обращения: 07.06.2021)"
}

@misc{database,
	title="Что такое база данных | Oracle Россия и СНГ [Электронный ресурс]",
	howpublished="Режим доступа: \url{https://www.oracle.com/ru/database/what-is-database/} (дата обращения: 07.06.2021)"
}

@misc{subd,
	title="Что такое СУБД - RU-CENTER [Электронный ресурс]",
	howpublished="Режим доступа: \url{https://www.nic.ru/help/chto-takoe-subd_8580.html} (дата обращения: 07.06.2021)"
}

@misc{microservice,
	title="Что такое микросервисная архитектура: простое объяснение | MCS Mail.ru [Электронный ресурс]",
	howpublished="Режим доступа: \url{https://mcs.mail.ru/blog/prostym-jazykom-o-mikroservisnoj-arhitekture} (дата обращения: 07.06.2021)"
}

@misc{race-condition,
	title="Race conditions and deadlocks - Microsoft Docs [Электронный ресурс]",
	howpublished="Режим доступа: \url{https://docs.microsoft.com/en-us/troubleshoot/dotnet/visual-basic/race-conditions-deadlocks} (дата обращения: 07.06.2021)"
}

@misc{oltp,
	title="What is OLTP? | IBM [Электронный ресурс]",
	howpublished="Режим доступа: \url{https://www.ibm.com/cloud/learn/oltp} (дата обращения: 07.06.2021)"
}

@misc{olap,
	title="What is OLAP? | IBM [Электронный ресурс]",
	howpublished="Режим доступа: \url{https://www.ibm.com/cloud/learn/olap} (дата обращения: 07.06.2021)"
}

@misc{plpython3u,
	title="PostgreSQL: Документация: 9.6: 44.1. Python 2 и Python 3. [Электронный ресурс]",
	howpublished="Режим доступа: \url{https://postgrespro.ru/docs/postgresql/9.6/plpython-python23} (дата обращения: 07.06.2021)"
}

@misc{postgresql,
	title="PostgreSQL: Документация. [Электронный ресурс]",
	howpublished="Режим доступа: \url{https://postgrespro.ru/docs/postgresql/} (дата обращения: 07.06.2021)"
}

@misc{oracle,
	title="SQL Language | Oracle[Электронный ресурс]",
	howpublished="Режим доступа: \url{https://www.oracle.com/database/technologies/appdev/sql.html} (дата обращения: 07.06.2021)"
}

@misc{mysql,
	title="MySQL Database Service is a fully managed database service to deploy cloud-native applications. [Электронный ресурс]",
	howpublished="Режим доступа: \url{https://www.mysql.com/} (дата обращения: 07.06.2021)"
}

@misc{postgresql-fact,
	title="PostgreSQL: вчера, сегодня, завтра [Электронный ресурс]",
	howpublished="Режим доступа: \url{https://postgrespro.ru/blog/media/17768} (дата обращения: 07.06.2021)"
}

@misc{acid,
	title="Транзакции, ACID, CAP | GeekBrains [Электронный ресурс]",
	howpublished="Режим доступа: \url{https://gb.ru/posts/acid_cap_transactions} (дата обращения: 07.06.2021)"
}

@misc{mvcc,
	title="Documentation: 12: 13.1. Introduction - PostgreSQL [Электронный ресурс]",
	howpublished="Режим доступа: \url{https://www.postgresql.org/docs/12/mvcc-intro.html} (дата обращения: 07.06.2021)"
}

@misc{r-lock,
	title="Применение блокировок чтения/записи | IBM [Электронный ресурс]",
	howpublished="Режим доступа: \url{https://www.ibm.com/docs/ru/aix/7.2?topic=programming-using-readwrite-locks} (дата обращения: 07.06.2021)"
}

@misc{lru,
	title=" LRU, метод вытеснения из кэша | Habr [Электронный ресурс]",
	howpublished="Режим доступа: \url{https://habr.com/ru/post/136758/} (дата обращения: 07.06.2021)"
}
